<record><leader>00000cas a2200000 a 4500</leader><controlfield tag="001">5757784</controlfield><controlfield tag="008">791204c18849999nyudr ne      0   a0eng c</controlfield><datafield ind1=" " ind2=" " tag="010"><subfield code="a">sn 84031485 </subfield></datafield><datafield ind1=" " ind2=" " tag="040"><subfield code="a">YQR</subfield><subfield code="b">eng</subfield><subfield code="c">YQR</subfield><subfield code="d">NYG</subfield><subfield code="d">NPX</subfield><subfield code="d">DLC</subfield><subfield code="d">NPY</subfield><subfield code="d">NYS</subfield><subfield code="d">NSD</subfield><subfield code="d">NVK</subfield><subfield code="d">NYG</subfield><subfield code="d">DLC</subfield><subfield code="d">CRL</subfield><subfield code="d">KRTAS</subfield><subfield code="d">OCLCQ</subfield><subfield code="d">OCLCF</subfield><subfield code="d">DLC</subfield></datafield><datafield ind1=" " ind2=" " tag="012"><subfield code="m">1</subfield></datafield><datafield ind1=" " ind2=" " tag="019"><subfield code="a">55506622</subfield></datafield><datafield ind1="1" ind2=" " tag="022"><subfield code="a">1088-5153</subfield><subfield code="l">1088-5153</subfield><subfield code="2">1</subfield></datafield><datafield ind1=" " ind2=" " tag="032"><subfield code="a">153100</subfield><subfield code="b">USPS</subfield></datafield><datafield ind1=" " ind2=" " tag="037"><subfield code="b">Democrat and Chronicle, 55 Exchange Blvd., Rochester, NY 14614</subfield></datafield><datafield ind1=" " ind2=" " tag="042"><subfield code="a">pcc</subfield><subfield code="a">nsdp</subfield></datafield><datafield ind1=" " ind2=" " tag="043"><subfield code="a">n-us-ny</subfield></datafield><datafield ind1="0" ind2="0" tag="050"><subfield code="a">Newspaper</subfield></datafield><datafield ind1=" " ind2="0" tag="222"><subfield code="a">Democrat and chronicle</subfield></datafield><datafield ind1="0" ind2="0" tag="245"><subfield code="a">Democrat and chronicle.</subfield></datafield><datafield ind1="3" ind2="0" tag="246"><subfield code="a">Democrat chronicle</subfield></datafield><datafield ind1="1" ind2="7" tag="246"><subfield code="a">Rochester Democrat and chronicle</subfield></datafield><datafield ind1="1" ind2=" " tag="246"><subfield code="i">Published as:</subfield><subfield code="a">Rochester Democrat and chronicle, Rochester herald</subfield><subfield code="f">Feb. 27, 1926-Feb. 28, 1927</subfield></datafield><datafield ind1="1" ind2=" " tag="246"><subfield code="i">Sunday issue published as:</subfield><subfield code="a">Sunday Democrat and chronicle</subfield><subfield code="f">Sept. 9, 1979-</subfield></datafield><datafield ind1="3" ind2=" " tag="246"><subfield code="a">Democrat &amp; Chronicle</subfield></datafield><datafield ind1=" " ind2=" " tag="260"><subfield code="a">Rochester, N.Y. :</subfield><subfield code="b">[Rochester Print. Co.],</subfield><subfield code="c">1884-</subfield></datafield><datafield ind1=" " ind2=" " tag="300"><subfield code="a">v. :</subfield><subfield code="b">ill. ;</subfield><subfield code="c">58 cm.</subfield></datafield><datafield ind1=" " ind2=" " tag="310"><subfield code="a">Daily</subfield></datafield><datafield ind1="0" ind2=" " tag="362"><subfield code="a">Vol. 52, no. 257 (Sept. 13, 1884)-</subfield></datafield><datafield ind1=" " ind2=" " tag="500"><subfield code="a">"And" in logo device.</subfield></datafield><datafield ind1=" " ind2=" " tag="500"><subfield code="a">Issued a special "Seneca Falls ed." several times during each day in conjunction with Celebrate '98 at Women's Rights National Historical Park, Seneca Falls, N.Y., July 1998.</subfield></datafield><datafield ind1=" " ind2=" " tag="530"><subfield code="a">Also issued on microfilm from Rochester Public Library, Remington Rand, Inc.; Recordak Microfilm; Micro Photo Division, Bell &amp; Howell Co.</subfield></datafield><datafield ind1=" " ind2=" " tag="588"><subfield code="a">Latest issue consulted: Vol. 169, no. 90 (Mar. 31, 2001).</subfield></datafield><datafield ind1=" " ind2="0" tag="651"><subfield code="a">Rochester (N.Y.)</subfield><subfield code="v">Newspapers.</subfield></datafield><datafield ind1=" " ind2="0" tag="651"><subfield code="a">Monroe County (N.Y.)</subfield><subfield code="v">Newspapers.</subfield></datafield><datafield ind1=" " ind2="7" tag="651"><subfield code="a">New York (State)</subfield><subfield code="z">Monroe County.</subfield><subfield code="2">fast</subfield><subfield code="0">(OCoLC)fst01214388</subfield></datafield><datafield ind1=" " ind2="7" tag="651"><subfield code="a">New York (State)</subfield><subfield code="z">Rochester.</subfield><subfield code="2">fast</subfield><subfield code="0">(OCoLC)fst01204680</subfield></datafield><datafield ind1=" " ind2="7" tag="655"><subfield code="a">Newspapers.</subfield><subfield code="2">fast</subfield><subfield code="0">(OCoLC)fst01423814</subfield></datafield><datafield ind1=" " ind2=" " tag="752"><subfield code="a">United States</subfield><subfield code="b">New York</subfield><subfield code="c">Monroe</subfield><subfield code="d">Rochester.</subfield></datafield><datafield ind1="0" ind2="0" tag="780"><subfield code="t">Rochester Democrat and chronicle (Rochester, N.Y. : Daily)</subfield><subfield code="w">(DLC)sn 84031484</subfield><subfield code="w">(OCoLC)10973132</subfield></datafield><datafield ind1="0" ind2="5" tag="780"><subfield code="t">Rochester herald (Rochester, N.Y. : 1892)</subfield><subfield code="w">(DLC)sn 84031168</subfield><subfield code="w">(OCoLC)10871160</subfield></datafield><datafield ind1=" " ind2=" " tag="938"><subfield code="a">Kirtas Technologies, Inc.</subfield><subfield code="b">KRTS</subfield><subfield code="n">735839</subfield></datafield><datafield ind1="1" ind2=" " tag="029"><subfield code="a">AU@</subfield><subfield code="b">000004328464</subfield></datafield></record>